<?xml version="1.0" encoding="UTF-8"?>
  <record xmlns="http://www.loc.gov/MARC21/slim" type="Authority">
    <leader>00000nz  a2200000nc 4500</leader>
    <controlfield tag="001">118598244</controlfield>
    <controlfield tag="003">DE-101</controlfield>
    <controlfield tag="005">20220309171323.0</controlfield>
    <controlfield tag="008">880701n||azznnaabn           | aaa    |c</controlfield>
    <datafield tag="024" ind1="7" ind2=" ">
      <subfield code="a">118598244</subfield>
      <subfield code="0">http://d-nb.info/gnd/118598244</subfield>
      <subfield code="2">gnd</subfield>
    </datafield>
    <datafield tag="035" ind1=" " ind2=" ">
      <subfield code="a">(DE-101)118598244</subfield>
    </datafield>
    <datafield tag="035" ind1=" " ind2=" ">
      <subfield code="a">(DE-588)118598244</subfield>
    </datafield>
    <datafield tag="035" ind1=" " ind2=" ">
      <subfield code="z">(DE-588a)118598244</subfield>
      <subfield code="9">v:zg</subfield>
    </datafield>
    <datafield tag="035" ind1=" " ind2=" ">
      <subfield code="z">(DE-588c)4048384-8</subfield>
      <subfield code="9">v:zg</subfield>
    </datafield>
    <datafield tag="040" ind1=" " ind2=" ">
      <subfield code="a">DE-101</subfield>
      <subfield code="c">DE-101</subfield>
      <subfield code="9">r:DE-101</subfield>
      <subfield code="b">ger</subfield>
      <subfield code="d">9999</subfield>
    </datafield>
    <datafield tag="042" ind1=" " ind2=" ">
      <subfield code="a">gnd1</subfield>
    </datafield>
    <datafield tag="043" ind1=" " ind2=" ">
      <subfield code="c">XA-FR</subfield>
    </datafield>
    <datafield tag="065" ind1=" " ind2=" ">
      <subfield code="a">3.6p</subfield>
      <subfield code="2">sswd</subfield>
    </datafield>
    <datafield tag="075" ind1=" " ind2=" ">
      <subfield code="b">p</subfield>
      <subfield code="2">gndgen</subfield>
    </datafield>
    <datafield tag="075" ind1=" " ind2=" ">
      <subfield code="b">piz</subfield>
      <subfield code="2">gndspec</subfield>
    </datafield>
    <datafield tag="079" ind1=" " ind2=" ">
      <subfield code="a">g</subfield>
      <subfield code="q">a</subfield>
      <subfield code="q">f</subfield>
      <subfield code="q">s</subfield>
      <subfield code="u">v</subfield>
      <subfield code="u">w</subfield>
    </datafield>
    <datafield tag="100" ind1="1" ind2=" ">
      <subfield code="a">Rancé, Armand Jean Le Bouthillier &#152;de&#156;</subfield>
      <subfield code="d">1626-1700</subfield>
    </datafield>
    <datafield tag="375" ind1=" " ind2=" ">
      <subfield code="a">1</subfield>
      <subfield code="2">iso5218</subfield>
    </datafield>
    <datafield tag="400" ind1="1" ind2=" ">
      <subfield code="a">LeBouthillier de Rancé, Armandus Joannes</subfield>
      <subfield code="d">1626-1700</subfield>
    </datafield>
    <datafield tag="400" ind1="1" ind2=" ">
      <subfield code="a">Rancé, Armandus Buthillierius &#152;de&#156;</subfield>
      <subfield code="d">1626-1700</subfield>
    </datafield>
    <datafield tag="400" ind1="1" ind2=" ">
      <subfield code="a">Rancé, Armand-Jean-Baptiste LeBouthillier &#152;de&#156;</subfield>
      <subfield code="d">1626-1700</subfield>
    </datafield>
    <datafield tag="400" ind1="1" ind2=" ">
      <subfield code="a">Rancé, Armand Jean LeBouhillier &#152;de&#156;</subfield>
      <subfield code="d">1626-1700</subfield>
    </datafield>
    <datafield tag="400" ind1="1" ind2=" ">
      <subfield code="a">Le Bouthillier de Rancé, Armand-Jean</subfield>
      <subfield code="d">1626-1700</subfield>
      <subfield code="9">v:4ELRAKk</subfield>
    </datafield>
    <datafield tag="400" ind1="1" ind2=" ">
      <subfield code="a">Rancé, Armand Jean LeBouthillier &#152;de&#156;</subfield>
      <subfield code="d">1626-1700</subfield>
      <subfield code="9">v:B 1986, SWB-AK</subfield>
    </datafield>
    <datafield tag="400" ind1="1" ind2=" ">
      <subfield code="a">Rancé, Armand-Jean-Baptiste de Bouthillier</subfield>
      <subfield code="d">1626-1700</subfield>
    </datafield>
    <datafield tag="400" ind1="1" ind2=" ">
      <subfield code="a">Bouthillier de Rancé, Armand-Jean &#152;le&#156;</subfield>
      <subfield code="d">1626-1700</subfield>
    </datafield>
    <datafield tag="400" ind1="1" ind2=" ">
      <subfield code="a">Boutillier de Rancé, Armand Jean</subfield>
      <subfield code="d">1626-1700</subfield>
    </datafield>
    <datafield tag="400" ind1="1" ind2=" ">
      <subfield code="a">LeBouthillier de Rancé, Armand-Jean</subfield>
      <subfield code="d">1626-1700</subfield>
      <subfield code="9">v:RAK alt</subfield>
    </datafield>
    <datafield tag="400" ind1="1" ind2=" ">
      <subfield code="a">LeBouthillier de Rancé, Armand Jean</subfield>
      <subfield code="d">1626-1700</subfield>
      <subfield code="9">v:RAK alt</subfield>
    </datafield>
    <datafield tag="400" ind1="1" ind2=" ">
      <subfield code="a">Rancé, Armand-Jean Le Bouthillier &#152;de&#156;</subfield>
      <subfield code="d">1626-1700</subfield>
      <subfield code="9">v:M</subfield>
    </datafield>
    <datafield tag="400" ind1="1" ind2=" ">
      <subfield code="a">Rancé, Armand-Jean LeBouthillier &#152;de&#156;</subfield>
      <subfield code="d">1626-1700</subfield>
      <subfield code="9">v:RAK alt</subfield>
    </datafield>
    <datafield tag="400" ind1="1" ind2=" ">
      <subfield code="a">Ranće, Armand-Jean &#152;de&#156;</subfield>
      <subfield code="d">1626-1700</subfield>
    </datafield>
    <datafield tag="400" ind1="1" ind2=" ">
      <subfield code="a">Rancé, ... &#152;de&#156;</subfield>
      <subfield code="d">1626-1700</subfield>
    </datafield>
    <datafield tag="400" ind1="1" ind2=" ">
      <subfield code="a">Buthilierius, Armandus</subfield>
      <subfield code="d">1626-1700</subfield>
    </datafield>
    <datafield tag="400" ind1="1" ind2=" ">
      <subfield code="a">Rancé, Armand-Jean Boutillier &#152;de&#156;</subfield>
      <subfield code="d">1626-1700</subfield>
    </datafield>
    <datafield tag="400" ind1="1" ind2=" ">
      <subfield code="a">Boutillier de Rancé, Armand-Jean</subfield>
      <subfield code="d">1626-1700</subfield>
    </datafield>
    <datafield tag="400" ind1="1" ind2=" ">
      <subfield code="a">Rancé, Armand Jean Boutillier &#152;de&#156;</subfield>
      <subfield code="d">1626-1700</subfield>
    </datafield>
    <datafield tag="400" ind1="1" ind2=" ">
      <subfield code="a">La Trappe, Joannes Armandus Bouthillier de Rance</subfield>
      <subfield code="d">1626-1700</subfield>
    </datafield>
    <datafield tag="400" ind1="0" ind2=" ">
      <subfield code="a">Armand Jean</subfield>
      <subfield code="c">Abbé</subfield>
      <subfield code="d">1626-1700</subfield>
    </datafield>
    <datafield tag="400" ind1="1" ind2=" ">
      <subfield code="a">Rancé, Armand-Jean &#152;de&#156;</subfield>
      <subfield code="d">1626-1700</subfield>
    </datafield>
    <datafield tag="400" ind1="1" ind2=" ">
      <subfield code="a">Le Bouthillier de Rancé, Armand Jean</subfield>
      <subfield code="d">1626-1700</subfield>
    </datafield>
    <datafield tag="400" ind1="1" ind2=" ">
      <subfield code="a">Rancé, Armandus Buthilierius &#152;de&#156;</subfield>
      <subfield code="d">1626-1700</subfield>
    </datafield>
    <datafield tag="400" ind1="1" ind2=" ">
      <subfield code="a">Rancé, Armandus Johannes Buthilierius &#152;de&#156;</subfield>
      <subfield code="d">1626-1700</subfield>
    </datafield>
    <datafield tag="400" ind1="1" ind2=" ">
      <subfield code="a">Bouthillier de Rancé, Armand Jean &#152;le&#156;</subfield>
      <subfield code="d">1626-1700</subfield>
    </datafield>
    <datafield tag="400" ind1="1" ind2=" ">
      <subfield code="a">Ransé, Armando J.</subfield>
      <subfield code="d">1626-1700</subfield>
    </datafield>
    <datafield tag="400" ind1="1" ind2=" ">
      <subfield code="a">Ranc, Armandus Joannes &#152;de&#156;</subfield>
      <subfield code="d">1626-1700</subfield>
    </datafield>
    <datafield tag="400" ind1="1" ind2=" ">
      <subfield code="a">Trappe, Armand-Jean &#152;de la&#156;</subfield>
      <subfield code="d">1626-1700</subfield>
    </datafield>
    <datafield tag="400" ind1="1" ind2=" ">
      <subfield code="a">La Trappe, Armand-Jean &#152;de&#156;</subfield>
      <subfield code="d">1626-1700</subfield>
    </datafield>
    <datafield tag="400" ind1="1" ind2=" ">
      <subfield code="a">LaTrappe, Armand-Jean &#152;de&#156;</subfield>
      <subfield code="d">1626-1700</subfield>
    </datafield>
    <datafield tag="400" ind1="1" ind2=" ">
      <subfield code="a">Rancé de Bouthillier, Armand-Jean</subfield>
      <subfield code="d">1626-1700</subfield>
    </datafield>
    <datafield tag="400" ind1="1" ind2=" ">
      <subfield code="a">De Rancé, Armand Jean Le Bouthillier</subfield>
      <subfield code="d">1626-1700</subfield>
    </datafield>
    <datafield tag="400" ind1="1" ind2=" ">
      <subfield code="a">Rancé, Arnaud-Jean Le Bouthillier &#152;de&#156;</subfield>
      <subfield code="d">1626-1700</subfield>
    </datafield>
    <datafield tag="400" ind1="1" ind2=" ">
      <subfield code="a">Armand, Jean</subfield>
      <subfield code="c">Abbé</subfield>
      <subfield code="d">1626-1700</subfield>
    </datafield>
    <datafield tag="400" ind1="1" ind2=" ">
      <subfield code="a">Le Bouthillier de Rancé, Armand Jean Baptiste</subfield>
      <subfield code="d">1626-1700</subfield>
    </datafield>
    <datafield tag="400" ind1="1" ind2=" ">
      <subfield code="a">La Trappe, Armand-Jean &#152;de&#156;</subfield>
      <subfield code="c">1626-1700</subfield>
      <subfield code="d">1626-1700</subfield>
    </datafield>
    <datafield tag="400" ind1="1" ind2=" ">
      <subfield code="a">Rancé, Armand Jean Le Bouthilier &#152;de&#156;</subfield>
      <subfield code="d">1626-1700</subfield>
    </datafield>
    <datafield tag="400" ind1="1" ind2=" ">
      <subfield code="a">Le Bouthilier de Rancé, Armand Jean</subfield>
      <subfield code="d">1626-1700</subfield>
    </datafield>
    <datafield tag="400" ind1="1" ind2=" ">
      <subfield code="a">Rance, Jean Bouthillier &#152;de&#156;</subfield>
      <subfield code="d">1626-1700</subfield>
    </datafield>
    <datafield tag="510" ind1="2" ind2=" ">
      <subfield code="0">(DE-101)004046617</subfield>
      <subfield code="0">(DE-588)1008454-X</subfield>
      <subfield code="0">https://d-nb.info/gnd/1008454-X</subfield>
      <subfield code="a">Trappisten</subfield>
      <subfield code="4">affi</subfield>
      <subfield code="4">https://d-nb.info/standards/elementset/gnd#affiliation</subfield>
      <subfield code="w">r</subfield>
      <subfield code="i">Affiliation</subfield>
      <subfield code="e">Affiliation</subfield>
      <subfield code="9">v:Gründer</subfield>
    </datafield>
    <datafield tag="548" ind1=" " ind2=" ">
      <subfield code="a">1626-1700</subfield>
      <subfield code="4">datl</subfield>
      <subfield code="4">https://d-nb.info/standards/elementset/gnd#dateOfBirthAndDeath</subfield>
      <subfield code="w">r</subfield>
      <subfield code="i">Lebensdaten</subfield>
    </datafield>
    <datafield tag="550" ind1=" " ind2=" ">
      <subfield code="0">(DE-101)042430577</subfield>
      <subfield code="0">(DE-588)4243057-4</subfield>
      <subfield code="0">https://d-nb.info/gnd/4243057-4</subfield>
      <subfield code="a">Ordensgründer</subfield>
      <subfield code="4">berc</subfield>
      <subfield code="4">https://d-nb.info/standards/elementset/gnd#professionOrOccupation</subfield>
      <subfield code="w">r</subfield>
      <subfield code="i">Charakteristischer Beruf</subfield>
    </datafield>
    <datafield tag="667" ind1=" " ind2=" ">
      <subfield code="a">12</subfield>
    </datafield>
    <datafield tag="667" ind1=" " ind2=" ">
      <subfield code="a">7</subfield>
    </datafield>
    <datafield tag="667" ind1=" " ind2=" ">
      <subfield code="a">384</subfield>
    </datafield>
    <datafield tag="667" ind1=" " ind2=" ">
      <subfield code="a">4ELRAKk</subfield>
    </datafield>
    <datafield tag="667" ind1=" " ind2=" ">
      <subfield code="a">Gründer des Trappistenordens</subfield>
      <subfield code="5">CH-ZuETHN</subfield>
    </datafield>
    <datafield tag="667" ind1=" " ind2=" ">
      <subfield code="a">Quelle: DNB-Normdaten (Info DNB: Land Frankreich (XA-FR) Weitere Angaben Gründer des Trappistenordens)</subfield>
    </datafield>
    <datafield tag="670" ind1=" " ind2=" ">
      <subfield code="a">LoC-NA</subfield>
    </datafield>
    <datafield tag="672" ind1=" " ind2="0">
      <subfield code="a">Meditations sur la regle de S. Benoit</subfield>
      <subfield code="f">1704</subfield>
    </datafield>
    <datafield tag="672" ind1=" " ind2="0">
      <subfield code="a">Reglemens de la Maison-Dieu de Notre-Dame de la Trappe</subfield>
      <subfield code="f">1794</subfield>
    </datafield>
    <datafield tag="672" ind1=" " ind2="0">
      <subfield code="a">De la Sainteté et des devoirs de la Vie monastique. - s.a.</subfield>
    </datafield>
    <datafield tag="672" ind1=" " ind2="0">
      <subfield code="a">De la Sainteté et des devoirs de la Vie monastique. - 1683 - 1685</subfield>
    </datafield>
    <datafield tag="672" ind1=" " ind2="0">
      <subfield code="a">Auslegung der Regel des Heiligen Benedicti</subfield>
      <subfield code="f">1753</subfield>
    </datafield>
    <datafield tag="672" ind1=" " ind2="0">
      <subfield code="a">Kurze und sehr nützliche Erinnerungen vom Gelübde der H. Armuth</subfield>
      <subfield code="f">1774</subfield>
    </datafield>
    <datafield tag="672" ind1=" " ind2="0">
      <subfield code="a">Rancé, Armand-Jean de</subfield>
      <subfield code="f">1750</subfield>
    </datafield>
    <datafield tag="672" ind1=" " ind2="0">
      <subfield code="a">Vortreffliches Werk von der Heiligkeit und denen Pflichten des *</subfield>
      <subfield code="f">1750</subfield>
    </datafield>
    <datafield tag="672" ind1=" " ind2="0">
      <subfield code="a">Satzungen, wie sie beobachtet werden in der Abtey zu Trappa</subfield>
      <subfield code="f">1738</subfield>
    </datafield>
    <datafield tag="672" ind1=" " ind2="0">
      <subfield code="a">Meditations sur la regle de S. Benoit</subfield>
      <subfield code="f">1704</subfield>
    </datafield>
    <datafield tag="678" ind1=" " ind2=" ">
      <subfield code="b">Gründer des Trappistenordens</subfield>
    </datafield>
    <datafield tag="913" ind1=" " ind2=" ">
      <subfield code="S">pnd</subfield>
      <subfield code="i">a</subfield>
      <subfield code="a">Rancé, Armand Jean Le Bouthillier /de</subfield>
      <subfield code="0">(DE-588a)118598244</subfield>
    </datafield>
  </record>
